@article{heiermann2005numerical,
  title     ={Numerical and experimental investigation of the current distribution             in self-field magnetoplasmadynamic thrusters},
  author    ={Heiermann, Joerg and Auweter-Kurtz, Monika},
  journal   ={Journal of propulsion and power},
  volume    ={21},
  number    ={1},
  pages     ={119--128},
  year      ={2005}
}

@article{kimura1982current,
  title     ={Current distribution on the electrodes of MPD arcjets},
  author    ={Kimura, I. and Toki, K. and Tanaka, M.},
  journal   ={AIAA Journal},
  volume    ={20},
  number    ={7},
  pages     ={889--892},
  year      ={1982}
}

@article{einstein,
    author        = {Albert Einstein},
    title         = {Zur Elektrodynamik bewegter K{\"o}rper. (German) [On the electrodynamics of moving bodies]},
    journaltitle  = {Annalen der Physik},
    year          = {1905},
    volume        = {322},
    number        = {10},
    pages         = {891-921},
    doi           = {http://dx.doi.org/10.1002/andp.19053221004}
}

@online{knuthwebsite,
    author        = {Donald Knuth},
    title         = {Knuth: Computers and Typesetting},
    year          = {1984},
    url           = {http://www-cs-faculty.stanford.edu/~uno/abcde.html}
}

@book{latexcompanion,
    author        = {Michel Goossens and Frank Mittelbach and Alexander Samarin},
    title         = {The \LaTeX\ Companion},
    year          = {1993},
    publisher     = {Addison-Wesley},
    location      = {Reading, Massachusetts}
}