@ONLINE{key,
    author = {{Lastname, Firstname}},
    authorid = {Twitterhandle},
    title = {Tweettext},
    day = {day},
    month = {month},
    year = {year},
    url = {https://twitter.com/twitterhandle/status/tweetid},
    urldate = {2019-04-01},
    tweetid = {twitterid}
}

@ONLINE{tweet.ford.1,
    author = {{Brennan, John}},
    authorid = {JohnBrennan},
    title = {Watching the spectacle of the House “hearing” with Peter Strzok today, I was reminded of the words of Abraham Lincoln: 

        “America will never be destroyed from the outside. If we falter and lose our freedoms, it will be because we destroyed ourselves.”},
    day = {12},
    month = {07},
    year = {2018},
    url = {https://twitter.com/JohnBrennan/status/1017621255883821056},
    urldate = {2019-04-01},
    tweetid = {1017621255883821056}
}

@ONLINE{tweet.ford.2,
    author = {{CNN}},
    authorid = {CNN},
    title = {Former President Obama: “I believe in Nelson Mandela’s vision. I believe in a vision shared by Gandhi and King and Abraham Lincoln. I believe in a vision... built on the premise that all people are created equal and they’re endowed by our creator with certain inalienable rights."},
    day = {17},
    month = {07},
    year = {2018},
    url = {https://twitter.com/cnn/status/1019229099934519296},
    urldate = {2019-04-01},
    tweetid = {1019229099934519296}
}

@ONLINE{tweet.gm.1,
    author = {{Atlanta Black Star}},
    authorid = {ATLBlackStar},
    title = {GA waitress Emelia Holden is seen on camera being sexually violated by 31 yr old Ryan Cherwinksi. Holden slammed him into a chair She told said “I just did what I felt was best, I took the guy down and had my co-workers call the police.” 
Cherwinksi was charged w/ sexual battery},
    day = {19},
    month = {07},
    year = {2018},
    url = {https://twitter.com/ATLBlackStar/status/1020005839627804673},
    urldate = {2019-04-02},
    tweetid = {1020005839627804673}
}

